% Use this file for citations not found in the ACL Anthology (contained in "anthology.bib").

@article{beltagy2020longformer,
  title={Longformer: The long-document transformer},
  author={Beltagy, Iz and Peters, Matthew E and Cohan, Arman},
  journal={arXiv preprint arXiv:2004.05150},
  year={2020}
}

@article{BISCARRI201892,
    title = {A simple and fast method for computing the Poisson binomial distribution function},
    journal = {Computational Statistics \& Data Analysis},
    volume = {122},
    pages = {92-100},
    year = {2018},
    issn = {0167-9473},
    doi = {https://doi.org/10.1016/j.csda.2018.01.007},
    url = {https://www.sciencedirect.com/science/article/pii/S0167947318300082},
    author = {William Biscarri and Sihai Dave Zhao and Robert J. Brunner}
}

@article{chung2016hierarchical,
  title={Hierarchical multiscale recurrent neural networks},
  author={Chung, Junyoung and Ahn, Sungjin and Bengio, Yoshua},
  journal={arXiv preprint arXiv:1609.01704},
  year={2016}
}

@article{clark2022canine,
  title={Canine: Pre-training an efficient tokenization-free encoder for language representation},
  author={Clark, Jonathan H and Garrette, Dan and Turc, Iulia and Wieting, John},
  journal={Transactions of the Association for Computational Linguistics},
  volume={10},
  pages={73--91},
  year={2022},
  publisher={MIT Press}
}

@article{graves2013generating,
  title={Generating sequences with recurrent neural networks},
  author={Graves, Alex},
  journal={arXiv preprint arXiv:1308.0850},
  year={2013}
}

@article{hochreiter1997long,
  title={Long short-term memory},
  author={Hochreiter, Sepp and Schmidhuber, J{\"u}rgen},
  journal={Neural computation},
  volume={9},
  number={8},
  pages={1735--1780},
  year={1997},
  publisher={MIT Press}
}

@article{jaegle2021perceiver,
  author    = {Andrew Jaegle and
               Sebastian Borgeaud and
               Jean{-}Baptiste Alayrac and
               Carl Doersch and
               Catalin Ionescu and
               David Ding and
               Skanda Koppula and
               Daniel Zoran and
               Andrew Brock and
               Evan Shelhamer and
               Olivier J. H{\'{e}}naff and
               Matthew M. Botvinick and
               Andrew Zisserman and
               Oriol Vinyals and
               Jo{\~{a}}o Carreira},
  title     = {Perceiver {IO:} {A} General Architecture for Structured Inputs {\&}
               Outputs},
  journal   = {CoRR},
  volume    = {abs/2107.14795},
  year      = {2021},
  url       = {https://arxiv.org/abs/2107.14795},
  eprinttype = {arXiv},
  eprint    = {2107.14795},
  timestamp = {Tue, 03 Aug 2021 14:53:34 +0200},
  biburl    = {https://dblp.org/rec/journals/corr/abs-2107-14795.bib},
  bibsource = {dblp computer science bibliography, https://dblp.org}
}

@article{Jzefowicz2016ExploringTL,
  title={Exploring the Limits of Language Modeling},
  author={Rafal J{\'o}zefowicz and Oriol Vinyals and Mike Schuster and Noam M. Shazeer and Yonghui Wu},
  journal={ArXiv},
  year={2016},
  volume={abs/1602.02410}
}

@inproceedings{kim2016character,
  title={Character-aware neural language models},
  author={Kim, Yoon and Jernite, Yacine and Sontag, David and Rush, Alexander M},
  booktitle={Thirtieth AAAI conference on artificial intelligence},
  year={2016}
}

@article{mielke2021between,
  title={Between words and characters: A Brief History of Open-Vocabulary Modeling and Tokenization in NLP},
  author={Mielke, Sabrina J and Alyafeai, Zaid and Salesky, Elizabeth and Raffel, Colin and Dey, Manan and Gall{\'e}, Matthias and Raja, Arun and Si, Chenglei and Lee, Wilson Y and Sagot, Beno{\^\i}t and others},
  journal={arXiv preprint arXiv:2112.10508},
  year={2021}
}

@article{mofijul2022vocabulary,
  title={A Vocabulary-Free Multilingual Neural Tokenizer for End-to-End Task Learning},
  author={Mofijul Islam, Md and Aguilar, Gustavo and Ponnusamy, Pragaash and Mathialagan, Clint Solomon and Ma, Chengyuan and Guo, Chenlei},
  journal={arXiv e-prints},
  pages={arXiv--2204},
  year={2022}
}

@misc{poibin_fft,
  doi = {10.48550/ARXIV.1702.01326},
  url = {https://arxiv.org/abs/1702.01326},
  author = {Zhang, Man and Hong, Yili and Balakrishnan, Narayanaswamy},
  keywords = {Computation (stat.CO), FOS: Computer and information sciences, FOS: Computer and information sciences},
  title = {An Algorithm for Computing the Distribution Function of the Generalized Poisson-Binomial Distribution},
  publisher = {arXiv},
  year = {2017},
  copyright = {arXiv.org perpetual, non-exclusive license}
}

@article{raffel2020t5,
  author  = {Colin Raffel and Noam Shazeer and Adam Roberts and Katherine Lee and Sharan Narang and Michael Matena and Yanqi Zhou and Wei Li and Peter J. Liu},
  title   = {Exploring the Limits of Transfer Learning with a Unified Text-to-Text Transformer},
  journal = {Journal of Machine Learning Research},
  year    = {2020},
  volume  = {21},
  number  = {140},
  pages   = {1-67},
  url     = {http://jmlr.org/papers/v21/20-074.html}
}

@inproceedings{sutskever2011generating,
  title={Generating text with recurrent neural networks},
  author={Sutskever, Ilya and Martens, James and Hinton, Geoffrey E},
  booktitle={ICML},
  year={2011}
}

@inproceedings{tay2021charformer,
  title={Charformer: Fast Character Transformers via Gradient-based Subword Tokenization},
  author={Tay, Yi and Tran, Vinh Q and Ruder, Sebastian and Gupta, Jai and Chung, Hyung Won and Bahri, Dara and Qin, Zhen and Baumgartner, Simon and Yu, Cong and Metzler, Donald},
  booktitle={International Conference on Learning Representations},
  year={2021}
}

@inproceedings{vaswani2017attention,
 author = {Vaswani, Ashish and Shazeer, Noam and Parmar, Niki and Uszkoreit, Jakob and Jones, Llion and Gomez, Aidan N and Kaiser, \L ukasz and Polosukhin, Illia},
 booktitle = {Advances in Neural Information Processing Systems},
 editor = {I. Guyon and U. Von Luxburg and S. Bengio and H. Wallach and R. Fergus and S. Vishwanathan and R. Garnett},
 pages = {},
 publisher = {Curran Associates, Inc.},
 title = {Attention is All you Need},
 url = {https://proceedings.neurips.cc/paper/2017/file/3f5ee243547dee91fbd053c1c4a845aa-Paper.pdf},
 volume = {30},
 year = {2017}
}

@article{wu2016google,
  title={Google's neural machine translation system: Bridging the gap between human and machine translation},
  author={Wu, Yonghui and Schuster, Mike and Chen, Zhifeng and Le, Quoc V and Norouzi, Mohammad and Macherey, Wolfgang and Krikun, Maxim and Cao, Yuan and Gao, Qin and Macherey, Klaus and others},
  journal={arXiv preprint arXiv:1609.08144},
  year={2016}
}

@inproceedings{wulczyn2017ex,
  title={Ex machina: Personal attacks seen at scale},
  author={Wulczyn, Ellery and Thain, Nithum and Dixon, Lucas},
  booktitle={Proceedings of the 26th international conference on world wide web},
  pages={1391--1399},
  year={2017}
}

@article{xue2022byt5,
  title={ByT5: Towards a Token-Free Future with Pre-trained Byte-to-Byte Models},
  author={Xue, Linting and Barua, Aditya and Constant, Noah and Al-Rfou, Rami and Narang, Sharan and Kale, Mihir and Roberts, Adam and Raffel, Colin},
  journal={Transactions of the Association for Computational Linguistics},
  volume={10},
  pages={291--306},
  year={2022},
  publisher={MIT Press}
}

@article{DBLP:journals/corr/abs-1804-04235,
  author    = {Noam Shazeer and
               Mitchell Stern},
  title     = {Adafactor: Adaptive Learning Rates with Sublinear Memory Cost},
  journal   = {CoRR},
  volume    = {abs/1804.04235},
  year      = {2018},
  url       = {http://arxiv.org/abs/1804.04235},
  eprinttype = {arXiv},
  eprint    = {1804.04235},
  timestamp = {Mon, 13 Aug 2018 16:48:15 +0200},
  biburl    = {https://dblp.org/rec/journals/corr/abs-1804-04235.bib},
  bibsource = {dblp computer science bibliography, https://dblp.org}
}
